<?xml version="1.0" encoding="UTF-8"?><record xmlns="http://www.loc.gov/MARC21/slim" xmlns:cinclude="http://apache.org/cocoon/include/1.0" xmlns:zs="http://www.loc.gov/zing/srw/">
  <leader>00720cz  a2200169n  4500</leader>
  <controlfield tag="001">no2009204384</controlfield>
  <controlfield tag="003">DLC</controlfield>
  <controlfield tag="005">20120818082410.0</controlfield>
  <controlfield tag="008">091222n| acannaabn          |b ana     c</controlfield>
  <datafield tag="010" ind1=" " ind2=" ">
    <subfield code="a">no2009204384</subfield>
  </datafield>
  <datafield tag="035" ind1=" " ind2=" ">
    <subfield code="a">(OCoLC)oca08344591</subfield>
  </datafield>
  <datafield tag="040" ind1=" " ind2=" ">
    <subfield code="a">ICU</subfield>
    <subfield code="b">eng</subfield>
    <subfield code="c">ICU</subfield>
    <subfield code="d">DLC</subfield>
  </datafield>
  <datafield tag="111" ind1="2" ind2=" ">
    <subfield code="a">Simīnār-i Khūrāk va Farhang</subfield>
    <subfield code="d">(2006 :</subfield>
    <subfield code="c">Tehran, Iran)</subfield>
  </datafield>
  <datafield tag="411" ind1="2" ind2=" ">
    <subfield code="a">سمىنار خوراک و فرهنگ</subfield>
  </datafield>
  <datafield tag="667" ind1=" " ind2=" ">
    <subfield code="a">THIS 1XX FIELD CANNOT BE USED UNDER RDA UNTIL THIS RECORD HAS BEEN REVIEWED AND/OR UPDATED</subfield>
  </datafield>
  <datafield tag="667" ind1=" " ind2=" ">
    <subfield code="a">Non-Latin script reference not evaluated.</subfield>
  </datafield>
  <datafield tag="670" ind1=" " ind2=" ">
    <subfield code="a">Khūrāk va farhang, 2008 or 2009:</subfield>
    <subfield code="b">t.p. verso (سمىنار خوراک و فرهنگ = Simīnār-i Khūrāk va Farhang, Isfand 1384 [Feb. or March 2006])</subfield>
  </datafield>
</record>